date,symbol,reportedCurrency,cik,fillingDate,acceptedDate,calendarYear,period,revenue,costOfRevenue,grossProfit,grossProfitRatio,researchAndDevelopmentExpenses,generalAndAdministrativeExpenses,sellingAndMarketingExpenses,sellingGeneralAndAdministrativeExpenses,otherExpenses,operatingExpenses,costAndExpenses,interestIncome,interestExpense,depreciationAndAmortization,ebitda,ebitdaratio,operatingIncome,operatingIncomeRatio,totalOtherIncomeExpensesNet,incomeBeforeTax,incomeBeforeTaxRatio,incomeTaxExpense,netIncome,netIncomeRatio,eps,epsdiluted,weightedAverageShsOut,weightedAverageShsOutDil,link,finalLink
2023-03-31,MDLZ,USD,0001103982,2023-03-31,2023-03-31 00:00:00,2023,Q1,9166000000,5720000000,3446000000,0.3759546149,0,0,0,1855000000,39000000,1894000000,7614000000,0,95000000,369000000,1874000000,0.2044512328,1505000000,0.1641937595,720000000,2225000000,0.2427449269,658000000,1567000000,0.1709578878,1.14,1.14,1372000000,1379000000,,
2022-12-31,MDLZ,USD,0001103982,2023-02-03,2023-02-03 12:06:38,2022,Q4,8695000000,5620000000,3075000000,0.3536515239,0,0,0,2131000000,36000000,2167000000,7787000000,0,86000000,134000000,968000000,0.1113283496,834000000,0.0959171938,-62000000,772000000,0.088786659,270000000,583000000,0.0670500288,0.43,0.42,1368000000,1375000000,https://www.sec.gov/Archives/edgar/data/1103982/000110398223000006/0001103982-23-000006-index.htm,https://www.sec.gov/Archives/edgar/data/1103982/000110398223000006/mdlz-20221231.htm
2022-09-30,MDLZ,USD,0001103982,2022-11-01,2022-11-01 16:22:56,2022,Q3,7763000000,5150000000,2613000000,0.3365966765,0,0,0,1884000000,32000000,1916000000,7066000000,0,114000000,362000000,1041000000,0.1340976427,679000000,0.0874661858,-41000000,638000000,0.0821847224,184000000,532000000,0.0685302074,0.39,0.39,1372000000,1379000000,https://www.sec.gov/Archives/edgar/data/1103982/000110398222000018/0001103982-22-000018-index.htm,https://www.sec.gov/Archives/edgar/data/1103982/000110398222000018/mdlz-20220930.htm
2022-06-30,MDLZ,USD,0001103982,2022-07-26,2022-07-26 16:22:44,2022,Q2,7274000000,4633000000,2641000000,0.3630739621,0,0,0,1676000000,32000000,1708000000,6341000000,0,89000000,300000000,1227000000,0.1686829805,927000000,0.127440198,-68000000,859000000,0.1180918339,201000000,747000000,0.1026945285,0.54,0.54,1382000000,1389000000,https://www.sec.gov/Archives/edgar/data/1103982/000110398222000012/0001103982-22-000012-index.htm,https://www.sec.gov/Archives/edgar/data/1103982/000110398222000012/mdlz-20220630.htm
2022-03-31,MDLZ,USD,0001103982,2022-04-26,2022-04-26 16:15:30,2022,Q1,7764000000,4781000000,2983000000,0.3842091705,0,0,0,1693000000,32000000,1725000000,6506000000,0,91000000,524000000,1618000000,0.2083977331,1094000000,0.1409067491,-135000000,959000000,0.1235188047,210000000,855000000,0.1101236476,0.62,0.61,1389000000,1398000000,https://www.sec.gov/Archives/edgar/data/1103982/000110398222000007/0001103982-22-000007-index.htm,https://www.sec.gov/Archives/edgar/data/1103982/000110398222000007/mdlz-20220331.htm
2021-12-31,MDLZ,USD,0001103982,2022-02-04,2022-02-04 13:40:11,2021,Q4,7658000000,4825000000,2833000000,0.3699399321,0,0,0,1670000000,32000000,1702000000,6527000000,0,90000000,447000000,1607000000,0.2098459128,1160000000,0.1514755811,-17000000,1143000000,0.1492556803,238000000,905000000,0.1181770697,0.65,0.64,1396000000,1405000000,https://www.sec.gov/Archives/edgar/data/1103982/000110398222000003/0001103982-22-000003-index.htm,https://www.sec.gov/Archives/edgar/data/1103982/000110398222000003/mdlz-20211231.htm
2021-09-30,MDLZ,USD,0001103982,2021-11-02,2021-11-02 16:17:56,2021,Q3,7182000000,4358000000,2824000000,0.3932052353,0,0,0,1436000000,32000000,1468000000,5826000000,0,87000000,562000000,1960000000,0.2729044834,1398000000,0.1946532999,-149000000,1249000000,0.1739069897,342000000,1258000000,0.1262879421,0.65,0.64,1399000000,1408000000,https://www.sec.gov/Archives/edgar/data/1103982/000110398221000018/0001103982-21-000018-index.htm,https://www.sec.gov/Archives/edgar/data/1103982/000110398221000018/mdlz-20210930.htm
2021-06-30,MDLZ,USD,0001103982,2021-07-27,2021-07-27 16:50:04,2021,Q2,6642000000,4011000000,2631000000,0.3961156278,0,0,0,1593000000,32000000,1625000000,5636000000,0,90000000,840000000,1846000000,0.2779283348,1006000000,0.1514604035,-138000000,868000000,0.1306835291,398000000,1078000000,0.0707618187,0.33,0.33,1407000000,1416000000,https://www.sec.gov/Archives/edgar/data/1103982/000110398221000013/0001103982-21-000013-index.htm,https://www.sec.gov/Archives/edgar/data/1103982/000110398221000013/mdlz-20210630.htm
2021-03-31,MDLZ,USD,0001103982,2021-04-28,2021-04-27 18:10:08,2021,Q1,7238000000,4272000000,2966000000,0.4097817077,0,0,0,1564000000,38000000,1602000000,5874000000,0,98000000,272000000,1555000000,0.2148383531,1283000000,0.1772589113,-174000000,1109000000,0.1532191213,212000000,961000000,0.1327714838,0.68,0.68,1412000000,1422000000,https://www.sec.gov/Archives/edgar/data/1103982/000110398221000008/0001103982-21-000008-index.htm,https://www.sec.gov/Archives/edgar/data/1103982/000110398221000008/mdlz-20210331.htm
2020-12-31,MDLZ,USD,0001103982,2021-02-05,2021-02-05 10:23:42,2020,Q4,7298000000,4426000000,2872000000,0.3935324747,0,0,0,1624000000,51000000,1675000000,6101000000,0,101000000,629000000,1904000000,0.2608933955,1275000000,0.1747053987,-334000000,941000000,0.1289394355,344000000,597000000,0.0818032338,0.42,0.41,1429000000,1439000000,https://www.sec.gov/Archives/edgar/data/1103982/000110398221000004/0001103982-21-000004-index.htm,https://www.sec.gov/Archives/edgar/data/1103982/000110398221000004/mdlz-20201231.htm
2020-09-30,MDLZ,USD,0001103982,2020-11-03,2020-11-02 18:11:04,2020,Q3,6665000000,3873000000,2792000000,0.4189047262,0,0,0,1484000000,50000000,1534000000,5407000000,0,104000000,588000000,1899000000,0.2849212303,1311000000,0.1966991748,-227000000,1084000000,0.1626406602,391000000,1119000000,0.103975994,0.48,0.48,1432000000,1442000000,https://www.sec.gov/Archives/edgar/data/1103982/000110398220000014/0001103982-20-000014-index.htm,https://www.sec.gov/Archives/edgar/data/1103982/000110398220000014/mdlz-20200930.htm
2020-06-30,MDLZ,USD,0001103982,2020-07-29,2020-07-28 18:13:57,2020,Q2,5911000000,3580000000,2331000000,0.3943495178,0,0,0,1453000000,50000000,1503000000,5083000000,0,108000000,383000000,1265000000,0.2140077821,882000000,0.1492133311,-223000000,659000000,0.111487058,341000000,544000000,0.0537980037,0.22,0.22,1431000000,1439000000,https://www.sec.gov/Archives/edgar/data/1103982/000110398220000009/0001103982-20-000009-index.htm,https://www.sec.gov/Archives/edgar/data/1103982/000110398220000009/a2020q210-qdocument.htm
2020-03-31,MDLZ,USD,0001103982,2020-04-29,2020-04-28 18:34:52,2020,Q1,6707000000,4256000000,2451000000,0.3654390935,0,0,0,1537000000,43000000,1580000000,5836000000,0,110000000,411000000,1267000000,0.188907112,856000000,0.1276278515,-157000000,699000000,0.1042194722,148000000,753000000,0.0821529745,0.38,0.38,1434000000,1445000000,https://www.sec.gov/Archives/edgar/data/1103982/000110398220000006/0001103982-20-000006-index.htm,https://www.sec.gov/Archives/edgar/data/1103982/000110398220000006/a2020q110-qdocument.htm
2019-12-31,MDLZ,USD,0001103982,2020-02-07,2020-02-07 11:22:43,2019,Q4,6913000000,4154000000,2759000000,0.399103139,0,0,0,1750000000,44000000,1794000000,5948000000,0,113000000,433000000,1339000000,0.1936930421,906000000,0.131057428,-52000000,854000000,0.1235353681,230000000,726000000,0.1050195284,0.5,0.5,1441000000,1453000000,https://www.sec.gov/Archives/edgar/data/1103982/000110398220000003/0001103982-20-000003-index.htm,https://www.sec.gov/Archives/edgar/data/1103982/000110398220000003/mdlz10k123119document1.htm
2019-09-30,MDLZ,USD,0001103982,2019-10-30,2019-10-29 19:11:46,2019,Q3,6355000000,3839000000,2516000000,0.3959087333,0,0,0,1466000000,43000000,1509000000,5348000000,0,121000000,295000000,1171000000,0.1842643588,876000000,0.1378442172,-192000000,684000000,0.107631786,-633000000,1423000000,0.2239181747,0.98,0.98,1445000000,1458000000,https://www.sec.gov/Archives/edgar/data/1103982/000110398219000017/0001103982-19-000017-index.htm,https://www.sec.gov/Archives/edgar/data/1103982/000110398219000017/a2019q310-qdocument.htm
2019-06-30,MDLZ,USD,0001103982,2019-07-31,2019-07-30 18:19:42,2019,Q2,6062000000,3593000000,2469000000,0.407291323,0,0,0,1427000000,43000000,1470000000,5063000000,0,127000000,384000000,1409000000,0.2324315407,1025000000,0.1690861102,-89000000,936000000,0.154404487,216000000,807000000,0.1331243814,0.56,0.55,1445000000,1458000000,https://www.sec.gov/Archives/edgar/data/1103982/000110398219000014/0001103982-19-000014-index.htm,https://www.sec.gov/Archives/edgar/data/1103982/000110398219000014/a2019q210-qdocument.htm
2019-03-31,MDLZ,USD,0001103982,2019-05-01,2019-04-30 18:22:02,2019,Q1,6538000000,3945000000,2593000000,0.3966044662,0,0,0,1493000000,44000000,1537000000,5482000000,0,123000000,448000000,1484000000,0.2269807281,1036000000,0.1584582441,-63000000,973000000,0.1488222698,189000000,914000000,0.1397981034,0.63,0.63,1449000000,1461000000,https://www.sec.gov/Archives/edgar/data/1103982/000110398219000010/0001103982-19-000010-index.htm,https://www.sec.gov/Archives/edgar/data/1103982/000110398219000010/a2019q110-qdocument.htm
2018-12-31,MDLZ,USD,0001103982,2019-02-08,2019-02-08 10:34:04,2018,Q4,6773000000,4224000000,2549000000,0.3763472612,0,0,0,1536000000,44000000,1580000000,5804000000,0,128000000,266000000,1260000000,0.1860327772,994000000,0.1467591909,-227000000,767000000,0.113243762,111000000,656000000,0.0968551602,0.45,0.45,1457000000,1470000000,https://www.sec.gov/Archives/edgar/data/1103982/000110398219000005/0001103982-19-000005-index.htm,https://www.sec.gov/Archives/edgar/data/1103982/000110398219000005/mdlz10k123118document.htm
2018-09-30,MDLZ,USD,0001103982,2018-10-30,2018-10-29 18:16:57,2018,Q3,6288000000,3874000000,2414000000,0.3839058524,0,0,0,1508000000,44000000,1552000000,5426000000,0,117000000,965000000,1827000000,0.2905534351,862000000,0.137086514,-192000000,670000000,0.1065521628,310000000,1194000000,0.0572519084,0.25,0.24,1466000000,1480000000,https://www.sec.gov/Archives/edgar/data/1103982/000110398218000013/0001103982-18-000013-index.htm,https://www.sec.gov/Archives/edgar/data/1103982/000110398218000013/a2018q310-qdocument.htm
2018-06-30,MDLZ,USD,0001103982,2018-07-26,2018-07-25 18:01:55,2018,Q2,6112000000,3572000000,2540000000,0.4155759162,0,0,0,1904000000,44000000,1948000000,5520000000,0,115000000,171000000,652000000,0.1066753927,481000000,0.078697644,-233000000,248000000,0.0405759162,14000000,323000000,0.0382853403,0.16,0.16,1475000000,1488000000,https://www.sec.gov/Archives/edgar/data/1103982/000110398218000009/0001103982-18-000009-index.htm,https://www.sec.gov/Archives/edgar/data/1103982/000110398218000009/q2-201810qdocument.htm
2018-03-31,MDLZ,USD,0001103982,2018-05-02,2018-05-02 09:43:53,2018,Q1,6765000000,3916000000,2849000000,0.4211382114,0,0,0,1527000000,44000000,1571000000,5487000000,0,102000000,330000000,1554000000,0.2297117517,1224000000,0.1809312639,-67000000,1157000000,0.1710273466,307000000,938000000,0.1386548411,0.63,0.62,1489000000,1505000000,https://www.sec.gov/Archives/edgar/data/1103982/000110398218000005/0001103982-18-000005-index.htm,https://www.sec.gov/Archives/edgar/data/1103982/000110398218000005/mdlz10q33118doc.htm
2017-12-31,MDLZ,USD,0001103982,2018-02-09,2018-02-09 10:33:19,2017,Q4,6966000000,4302000000,2664000000,0.3824289406,0,0,0,1657000000,45000000,1702000000,6004000000,0,101000000,449000000,1293000000,0.1856158484,844000000,0.1211599196,-120000000,724000000,0.1039333908,178000000,546000000,0.0783807063,0.36,0.36,1497000000,1513000000,https://www.sec.gov/Archives/edgar/data/1103982/000119312518037332/0001193125-18-037332-index.htm,https://www.sec.gov/Archives/edgar/data/1103982/000119312518037332/d466496d10k.htm
2017-09-30,MDLZ,USD,0001103982,2017-10-31,2017-10-31 10:18:32,2017,Q3,6530000000,3978000000,2552000000,0.3908116386,0,0,0,1330000000,45000000,1375000000,5353000000,0,89000000,381000000,1562000000,0.2392036753,1181000000,0.1808575804,-19000000,1162000000,0.1779479326,272000000,992000000,0.151914242,0.66,0.65,1507000000,1524000000,https://www.sec.gov/Archives/edgar/data/1103982/000119312517326282/0001193125-17-326282-index.htm,https://www.sec.gov/Archives/edgar/data/1103982/000119312517326282/d456152d10q.htm
2017-06-30,MDLZ,USD,0001103982,2017-08-02,2017-08-02 12:53:57,2017,Q2,5986000000,3662000000,2324000000,0.3882392249,0,0,0,1449000000,44000000,1493000000,5155000000,0,103000000,239000000,880000000,0.1470096893,641000000,0.1070831941,-124000000,517000000,0.0863681924,84000000,498000000,0.0831941196,0.33,0.32,1519000000,1539000000,https://www.sec.gov/Archives/edgar/data/1103982/000119312517245459/0001193125-17-245459-index.htm,https://www.sec.gov/Archives/edgar/data/1103982/000119312517245459/d412472d10q.htm
2017-03-31,MDLZ,USD,0001103982,2017-05-03,2017-05-03 09:49:13,2017,Q1,6414000000,3889000000,2525000000,0.3936700967,0,0,0,1475000000,44000000,1519000000,5408000000,0,103000000,247000000,1087000000,0.1694730278,840000000,0.1309635173,-119000000,721000000,0.1124103524,154000000,630000000,0.098222638,0.41,0.41,1529000000,1550000000,https://www.sec.gov/Archives/edgar/data/1103982/000119312517155252/0001193125-17-155252-index.htm,https://www.sec.gov/Archives/edgar/data/1103982/000119312517155252/d346910d10q.htm
2016-12-31,MDLZ,USD,0001103982,2017-02-24,2017-02-24 13:04:38,2016,Q4,6770000000,4181000000,2589000000,0.382422452,0,0,0,1705000000,44000000,1749000000,5930000000,0,115000000,-502000000,338000000,0.0499261448,840000000,0.1240768095,-908000000,-68000000,-0.0100443131,-78000000,10000000,0.0014771049,0.06,0.0064,1540000000,1559000000,https://www.sec.gov/Archives/edgar/data/1103982/000119312517055858/0001193125-17-055858-index.htm,https://www.sec.gov/Archives/edgar/data/1103982/000119312517055858/d288385d10k.htm
2016-09-30,MDLZ,USD,0001103982,2016-10-26,2016-10-26 14:42:49,2016,Q3,6396000000,3908000000,2488000000,0.3889931207,0,0,0,1552000000,44000000,1596000000,5504000000,0,129000000,222000000,924000000,0.1444652908,702000000,0.1097560976,-145000000,557000000,0.0870856785,40000000,548000000,0.0856785491,0.35,0.35,1557000000,1576000000,https://www.sec.gov/Archives/edgar/data/1103982/000119312516747755/0001193125-16-747755-index.htm,https://www.sec.gov/Archives/edgar/data/1103982/000119312516747755/d252200d10q.htm
2016-06-30,MDLZ,USD,0001103982,2016-07-27,2016-07-27 16:22:42,2016,Q2,6302000000,3786000000,2516000000,0.399238337,0,0,0,1668000000,44000000,1712000000,5498000000,0,135000000,280000000,918000000,0.1456680419,638000000,0.1012377023,-151000000,487000000,0.0772770549,118000000,464000000,0.0585528404,0.24,0.23,1557000000,1576000000,https://www.sec.gov/Archives/edgar/data/1103982/000119312516660006/0001193125-16-660006-index.htm,https://www.sec.gov/Archives/edgar/data/1103982/000119312516660006/d395636d10q.htm
2016-03-31,MDLZ,USD,0001103982,2016-04-28,2016-04-28 10:46:09,2016,Q1,6455000000,3920000000,2535000000,0.3927188226,0,0,0,1615000000,44000000,1659000000,5579000000,0,136000000,224000000,946000000,0.1465530596,722000000,0.1118512781,-244000000,478000000,0.0740511232,49000000,554000000,0.0664601084,0.27,0.27,1569000000,1587000000,https://www.sec.gov/Archives/edgar/data/1103982/000119312516561707/0001193125-16-561707-index.htm,https://www.sec.gov/Archives/edgar/data/1103982/000119312516561707/d149717d10q.htm
2015-12-31,MDLZ,USD,0001103982,2016-02-19,2016-02-19 11:41:16,2015,Q4,7364000000,4529000000,2835000000,0.3849809886,0,0,0,1902000000,44000000,1946000000,6475000000,0,148000000,-1207000000,-318000000,-0.0431830527,889000000,0.1207224335,-1645000000,-756000000,-0.102661597,32000000,-788000000,-0.1070070614,-0.5,-0.49,1589000000,1610000000,https://www.sec.gov/Archives/edgar/data/1103982/000119312516469394/0001193125-16-469394-index.htm,https://www.sec.gov/Archives/edgar/data/1103982/000119312516469394/d51394d10k.htm
2015-09-30,MDLZ,USD,0001103982,2015-10-29,2015-10-29 11:27:05,2015,Q3,6849000000,4179000000,2670000000,0.3898379325,0,0,0,1790000000,45000000,1835000000,6014000000,0,139000000,157000000,7959000000,1.1620674551,7802000000,1.1391444006,-114000000,7688000000,1.122499635,348000000,7266000000,1.0608848007,4.52,4.46,1609000000,1629000000,https://www.sec.gov/Archives/edgar/data/1103982/000119312515357422/0001193125-15-357422-index.htm,https://www.sec.gov/Archives/edgar/data/1103982/000119312515357422/d94335d10q.htm
2015-06-30,MDLZ,USD,0001103982,2015-07-31,2015-07-31 11:28:20,2015,Q2,7661000000,4595000000,3066000000,0.40020885,0,0,0,1961000000,46000000,2007000000,6602000000,0,147000000,-181000000,878000000,0.1146064482,1059000000,0.1382326067,-532000000,527000000,0.0687899752,100000000,406000000,0.0529956925,0.25,0.25,1625000000,1643000000,https://www.sec.gov/Archives/edgar/data/1103982/000119312515272328/0001193125-15-272328-index.htm,https://www.sec.gov/Archives/edgar/data/1103982/000119312515272328/d940616d10q.htm
2015-03-31,MDLZ,USD,0001103982,2015-04-30,2015-04-30 11:44:11,2015,Q1,7762000000,4821000000,2941000000,0.3788971914,0,0,0,1924000000,46000000,1970000000,6791000000,0,175000000,-127000000,844000000,0.1087348621,971000000,0.1250966246,-546000000,425000000,0.0547539294,113000000,324000000,0.0417418191,0.2,0.19,1648000000,1665000000,https://www.sec.gov/Archives/edgar/data/1103982/000119312515160034/0001193125-15-160034-index.htm,https://www.sec.gov/Archives/edgar/data/1103982/000119312515160034/d893461d10q.htm
2014-12-31,MDLZ,USD,0001103982,2015-02-20,2015-02-20 10:47:09,2014,Q4,8830000000,5684000000,3146000000,0.3562853907,0,0,0,2101000000,49000000,2150000000,7834000000,29000000,196000000,63000000,1069000000,0.1210645527,1006000000,0.1139297848,-388000000,618000000,0.069988675,111000000,500000000,0.0566251416,0.3,0.29,1677000000,1695000000,https://www.sec.gov/Archives/edgar/data/1103982/000119312515055355/0001193125-15-055355-index.htm,https://www.sec.gov/Archives/edgar/data/1103982/000119312515055355/d840894d10k.htm
2014-09-30,MDLZ,USD,0001103982,2014-11-06,2014-11-06 12:08:12,2014,Q3,8337000000,5195000000,3142000000,0.3768741754,0,0,0,2053000000,48000000,2101000000,7296000000,227000000,188000000,493000000,1529000000,0.1833993043,1036000000,0.1242653233,44000000,1080000000,0.1295430011,178000000,899000000,0.1078325537,0.53,0.53,1688000000,1705000000,https://www.sec.gov/Archives/edgar/data/1103982/000119312514400312/0001193125-14-400312-index.htm,https://www.sec.gov/Archives/edgar/data/1103982/000119312514400312/d780145d10q.htm
2014-06-30,MDLZ,USD,0001103982,2014-08-08,2014-08-08 10:40:14,2014,Q2,8436000000,5331000000,3105000000,0.3680654339,0,0,0,2038000000,55000000,2093000000,7424000000,0,224000000,251000000,1208000000,0.1431958274,957000000,0.1134423898,-224000000,733000000,0.0868895211,91000000,622000000,0.0737316264,0.37,0.36,1694000000,1712000000,https://www.sec.gov/Archives/edgar/data/1103982/000119312514302145/0001193125-14-302145-index.htm,https://www.sec.gov/Archives/edgar/data/1103982/000119312514302145/d744588d10q.htm
2014-03-31,MDLZ,USD,0001103982,2014-05-08,2014-05-08 10:27:02,2014,Q1,8641000000,5437000000,3204000000,0.3707904178,0,0,0,2265000000,54000000,2319000000,7756000000,0,720000000,275000000,1118000000,0.1293831732,843000000,0.097558153,-720000000,123000000,0.0142344636,-27000000,163000000,0.0188635575,0.1,0.09,1704000000,1722000000,https://www.sec.gov/Archives/edgar/data/1103982/000119312514189125/0001193125-14-189125-index.htm,https://www.sec.gov/Archives/edgar/data/1103982/000119312514189125/d704360d10q.htm
2013-12-31,MDLZ,USD,0001103982,2014-03-03,2014-03-03 09:54:31,2013,Q4,9488000000,5995000000,3493000000,0.3681492411,0,0,0,2294000000,53000000,2347000000,8342000000,0,285000000,1167000000,2313000000,0.2437816189,1146000000,0.1207841484,-983000000,163000000,0.0171795953,52000000,111000000,0.0116989882,0.0637,0.063,1743000000,1761000000,https://www.sec.gov/Archives/edgar/data/1103982/000119312514079175/0001193125-14-079175-index.htm,https://www.sec.gov/Archives/edgar/data/1103982/000119312514079175/d645322d10k.htm
2013-09-30,MDLZ,USD,0001103982,2013-11-07,2013-11-07 10:40:33,2013,Q3,8472000000,5328000000,3144000000,0.3711048159,0,0,0,1784000000,55000000,1839000000,7167000000,0,218000000,270000000,1532000000,0.1808309726,1262000000,0.1489612842,-218000000,1044000000,0.1232294618,14000000,1024000000,0.1208687441,0.58,0.57,1779000000,1794000000,https://www.sec.gov/Archives/edgar/data/1103982/000119312513431957/0001193125-13-431957-index.htm,https://www.sec.gov/Archives/edgar/data/1103982/000119312513431957/d601967d10q.htm
2013-06-30,MDLZ,USD,0001103982,2013-08-08,2013-08-08 10:47:09,2013,Q2,8595000000,5364000000,3231000000,0.3759162304,0,0,0,2269000000,55000000,2324000000,7688000000,0,235000000,265000000,1130000000,0.1314717859,865000000,0.1006399069,-235000000,630000000,0.0732984293,13000000,616000000,0.0716695753,0.34,0.34,1788000000,1803000000,https://www.sec.gov/Archives/edgar/data/1103982/000119312513325952/0001193125-13-325952-index.htm,https://www.sec.gov/Archives/edgar/data/1103982/000119312513325952/d549456d10q.htm
2013-03-31,MDLZ,USD,0001103982,2013-05-08,2013-05-08 16:48:28,2013,Q1,8744000000,5502000000,3242000000,0.370768527,0,0,0,2332000000,54000000,2386000000,7888000000,0,279000000,260000000,1094000000,0.1251143641,834000000,0.0953796889,-279000000,555000000,0.0634720952,-19000000,568000000,0.0649588289,0.32,0.32,1784000000,1798000000,https://www.sec.gov/Archives/edgar/data/1103982/000119312513207666/0001193125-13-207666-index.htm,https://www.sec.gov/Archives/edgar/data/1103982/000119312513207666/d512925d10q.htm
2012-12-31,MDLZ,USD,0001103982,2013-02-25,2013-02-25 11:38:27,2012,Q4,-4273000000,3094000000,-7367000000,1.7240814416,0,0,0,545000000,54000000,599000000,-2495000000,0,-669000000,1073000000,-512000000,0.119822139,-1585000000,0.3709337702,-17000000,-1602000000,0.3749122396,-657000000,-945000000,0.2211560964,-0.53,-0.53,1784000000,1784000000,https://www.sec.gov/Archives/edgar/data/1103982/000119312513073227/0001193125-13-073227-index.htm,https://www.sec.gov/Archives/edgar/data/1103982/000119312513073227/d456052d10k.htm
2012-09-30,MDLZ,USD,0001103982,2012-11-08,2012-11-08 11:09:08,2012,Q3,12909000000,8191000000,4718000000,0.3654814471,0,0,0,2955000000,54000000,3009000000,11200000000,0,864000000,349000000,2001000000,0.1550081339,1652000000,0.1279727322,-864000000,788000000,0.0610426834,129000000,652000000,0.0505073979,0.37,0.36,1779000000,1789000000,https://www.sec.gov/Archives/edgar/data/1103982/000119312512459504/0001193125-12-459504-index.htm,https://www.sec.gov/Archives/edgar/data/1103982/000119312512459504/d404272d10q.htm
2012-06-30,MDLZ,USD,0001103982,2012-08-03,2012-08-03 11:21:51,2012,Q2,13286000000,8416000000,4870000000,0.366551257,0,0,0,2854000000,53000000,2907000000,11323000000,0,429000000,347000000,2226000000,0.167544784,1879000000,0.1414270661,-429000000,1450000000,0.1091374379,416000000,1029000000,0.0774499473,0.58,0.58,1777000000,1786000000,https://www.sec.gov/Archives/edgar/data/1103982/000119312512333937/0001193125-12-333937-index.htm,https://www.sec.gov/Archives/edgar/data/1103982/000119312512333937/d366993d10q.htm
2012-03-31,MDLZ,USD,0001103982,2012-05-04,2012-05-04 11:08:59,2012,Q1,13093000000,8426000000,4667000000,0.3564500115,0,0,0,2822000000,56000000,2878000000,11304000000,0,553000000,351000000,2042000000,0.1559612006,1691000000,0.1291529825,-553000000,1138000000,0.086916673,319000000,813000000,0.0620942488,0.46,0.46,1773000000,1783000000,https://www.sec.gov/Archives/edgar/data/1103982/000119312512210777/0001193125-12-210777-index.htm,https://www.sec.gov/Archives/edgar/data/1103982/000119312512210777/d314276d10q.htm
2011-12-31,MDLZ,USD,0001103982,2012-02-27,2012-02-27 10:45:56,2011,Q4,14688000000,9795000000,4893000000,0.333129085,0,0,0,3333000000,53000000,3386000000,13181000000,0,333000000,116000000,1623000000,0.110498366,1507000000,0.1026007625,-573000000,934000000,0.0635893246,92000000,830000000,0.0565087146,0.47,0.47,1773000000,1773000000,https://www.sec.gov/Archives/edgar/data/1103982/000119312512080318/0001193125-12-080318-index.htm,https://www.sec.gov/Archives/edgar/data/1103982/000119312512080318/d277353d10k.htm
2011-09-30,MDLZ,USD,0001103982,2011-11-04,2011-11-04 10:46:54,2011,Q3,13226000000,8611000000,4615000000,0.348933918,0,0,0,2866000000,58000000,2924000000,11535000000,0,425000000,370000000,2068000000,0.1563586874,1698000000,0.1283834871,-425000000,1273000000,0.096249811,346000000,922000000,0.069711175,0.52,0.52,1770000000,1777000000,https://www.sec.gov/Archives/edgar/data/1103982/000119312511296642/0001193125-11-296642-index.htm,https://www.sec.gov/Archives/edgar/data/1103982/000119312511296642/d233422d10q.htm
2011-06-30,MDLZ,USD,0001103982,2011-08-05,2011-08-05 11:34:05,2011,Q2,13878000000,9007000000,4871000000,0.3509871739,0,0,0,3008000000,57000000,3065000000,12072000000,0,441000000,370000000,2176000000,0.1567949272,1806000000,0.1301340251,-441000000,1365000000,0.098357112,389000000,976000000,0.0703271365,0.55,0.55,1764000000,1771000000,https://www.sec.gov/Archives/edgar/data/1103982/000119312511211716/0001193125-11-211716-index.htm,https://www.sec.gov/Archives/edgar/data/1103982/000119312511211716/d10q.htm
2011-03-31,MDLZ,USD,0001103982,2011-05-06,2011-05-06 10:16:53,2011,Q1,12573000000,7937000000,4636000000,0.3687266364,0,0,0,2933000000,57000000,2990000000,10927000000,0,446000000,369000000,2015000000,0.1602640579,1646000000,0.1309154538,-446000000,1200000000,0.0954426151,398000000,799000000,0.0635488746,0.46,0.45,1754000000,1760000000,https://www.sec.gov/Archives/edgar/data/1103982/000119312511129883/0001193125-11-129883-index.htm,https://www.sec.gov/Archives/edgar/data/1103982/000119312511129883/d10q.htm
2010-12-31,MDLZ,USD,0001103982,2011-02-28,2011-02-28 10:44:30,2010,Q4,13773000000,8975000000,4798000000,0.3483627387,0,0,0,3460000000,65000000,3525000000,12500000000,0,294000000,180000000,1420000000,0.1031002686,1240000000,0.0900312205,-528000000,712000000,0.051695346,165000000,540000000,0.0392071444,0.31,0.31,1754000000,1754000000,https://www.sec.gov/Archives/edgar/data/1103982/000119312511048979/0001193125-11-048979-index.htm,https://www.sec.gov/Archives/edgar/data/1103982/000119312511048979/d10k.htm
2010-09-30,MDLZ,USD,0001103982,2010-11-05,2010-11-05 11:53:12,2010,Q3,11863000000,7542000000,4321000000,0.3642417601,0,0,0,2758000000,53000000,2811000000,10353000000,0,433000000,334000000,1853000000,0.1561999494,1519000000,0.1280451825,-433000000,1086000000,0.0915451404,326000000,754000000,0.0635589648,0.43,0.43,1748000000,1754000000,https://www.sec.gov/Archives/edgar/data/1103982/000119312510249526/0001193125-10-249526-index.htm,https://www.sec.gov/Archives/edgar/data/1103982/000119312510249526/d10q.htm
2010-06-30,MDLZ,USD,0001103982,2010-08-06,2010-08-06 10:14:36,2010,Q2,12253000000,7559000000,4694000000,0.3830898555,0,0,0,2933000000,60000000,2993000000,10552000000,0,448000000,373000000,2074000000,0.1692646699,1701000000,0.1388231454,-439000000,1262000000,0.1029951849,323000000,937000000,0.0764710683,0.54,0.53,1747000000,1752000000,https://www.sec.gov/Archives/edgar/data/1103982/000119312510180593/0001193125-10-180593-index.htm,https://www.sec.gov/Archives/edgar/data/1103982/000119312510180593/d10q.htm
2010-03-31,MDLZ,USD,0001103982,2010-05-07,2010-05-07 12:11:46,2010,Q1,11318000000,7229000000,4089000000,0.3612829122,0,0,0,2850000000,33000000,2883000000,10112000000,0,625000000,1948000000,3154000000,0.2786711433,1206000000,0.1065559286,-624000000,582000000,0.0514225128,333000000,249000000,0.0220003534,0.15,0.15,1614000000,1620000000,https://www.sec.gov/Archives/edgar/data/1103982/000119312510112381/0001193125-10-112381-index.htm,https://www.sec.gov/Archives/edgar/data/1103982/000119312510112381/d10q.htm
2009-12-31,MDLZ,USD,0001103982,2010-02-25,2010-02-25 11:55:07,2009,Q4,11025000000,6896000000,4129000000,0.3745124717,0,0,0,2861000000,-6000000,2855000000,9751000000,0,345000000,294000000,1600000000,0.1451247166,1306000000,0.1184580499,-322000000,984000000,0.0892517007,273000000,710000000,0.064399093,0.44,0.44,1614000000,1614000000,https://www.sec.gov/Archives/edgar/data/1103982/000119312510040106/0001193125-10-040106-index.htm,https://www.sec.gov/Archives/edgar/data/1103982/000119312510040106/d10k.htm
2009-09-30,MDLZ,USD,0001103982,2009-11-03,2009-11-03 17:10:27,2009,Q3,9803000000,6262000000,3541000000,0.3612159543,0,0,0,2116000000,6000000,2122000000,8384000000,0,323000000,225000000,1644000000,0.1677037642,1419000000,0.1447516067,-323000000,1096000000,0.1118025094,270000000,824000000,0.0840559013,0.56,0.55,1479000000,1487000000,https://www.sec.gov/Archives/edgar/data/1103982/000119312509222258/0001193125-09-222258-index.htm,https://www.sec.gov/Archives/edgar/data/1103982/000119312509222258/d10q.htm
2009-06-30,MDLZ,USD,0001103982,2009-08-05,2009-08-05 11:43:35,2009,Q2,10162000000,6497000000,3665000000,0.3606573509,0,0,0,2140000000,20000000,2160000000,8657000000,0,312000000,215000000,1746000000,0.1718165715,1531000000,0.150659319,-312000000,1219000000,0.1199567014,390000000,827000000,0.0813816178,0.56,0.56,1478000000,1484000000,https://www.sec.gov/Archives/edgar/data/1103982/000119312509164943/0001193125-09-164943-index.htm,https://www.sec.gov/Archives/edgar/data/1103982/000119312509164943/d10q.htm
2009-03-31,MDLZ,USD,0001103982,2009-05-05,2009-05-05 16:19:45,2009,Q1,9396000000,6131000000,3265000000,0.3474882929,0,0,0,1991000000,6000000,1997000000,8128000000,0,280000000,213000000,1481000000,0.1576202639,1268000000,0.134951043,-280000000,988000000,0.1051511281,326000000,660000000,0.0702426564,0.45,0.45,1475000000,1483000000,https://www.sec.gov/Archives/edgar/data/1103982/000119312509099958/0001193125-09-099958-index.htm,https://www.sec.gov/Archives/edgar/data/1103982/000119312509099958/d10q.htm
2008-12-31,MDLZ,USD,0001103982,2009-02-27,2009-02-27 15:10:38,2008,Q4,10767000000,7373000000,3394000000,0.3152224389,0,0,0,2370000000,723000000,3093000000,10466000000,0,305000000,6000000,307000000,0.0285130491,301000000,0.0279557908,-305000000,-4000000,-0.0003715055,-90000000,86000000,0.0079873688,0.0583,0.0583,1475000000,1475000000,https://www.sec.gov/Archives/edgar/data/1103982/000119312509040798/0001193125-09-040798-index.htm,https://www.sec.gov/Archives/edgar/data/1103982/000119312509040798/d10k.htm
2008-09-30,MDLZ,USD,0001103982,2008-10-31,2008-10-31 13:57:34,2008,Q3,10462000000,7096000000,3366000000,0.3217358058,0,0,0,2199000000,131000000,2330000000,9426000000,0,420000000,677000000,1835000000,0.1753966737,1158000000,0.1106862933,-420000000,738000000,0.0705410055,192000000,1398000000,0.052188874,0.37,0.36,1479000000,1496000000,https://www.sec.gov/Archives/edgar/data/1103982/000119312508221342/0001193125-08-221342-index.htm,https://www.sec.gov/Archives/edgar/data/1103982/000119312508221342/d10q.htm
2008-06-30,MDLZ,USD,0001103982,2008-08-01,2008-08-01 09:12:55,2008,Q2,11176000000,7132000000,4044000000,0.3618468146,0,0,0,2353000000,181000000,2534000000,9666000000,0,331000000,-72000000,1438000000,0.1286685755,1510000000,0.135110952,-331000000,1179000000,0.1054939155,447000000,732000000,0.0654974946,0.49,0.48,1508000000,1524000000,https://www.sec.gov/Archives/edgar/data/1103982/000119312508163342/0001193125-08-163342-index.htm,https://www.sec.gov/Archives/edgar/data/1103982/000119312508163342/d10q.htm
